<record><leader>00000cas a2200000 a 4500</leader><controlfield tag="001">12967588</controlfield><controlfield tag="008">860103d19201922ksuwr ne      0    0eng d</controlfield><datafield ind1=" " ind2=" " tag="010"><subfield code="a">sn 85066768 </subfield></datafield><datafield ind1=" " ind2=" " tag="040"><subfield code="a">KSH</subfield><subfield code="b">eng</subfield><subfield code="c">KSH</subfield><subfield code="d">NPT</subfield><subfield code="d">OCL</subfield><subfield code="d">OCLCQ</subfield></datafield><datafield ind1=" " ind2=" " tag="042"><subfield code="a">msc</subfield></datafield><datafield ind1="0" ind2="4" tag="245"><subfield code="a">The Kansas City Kansas republic.</subfield></datafield><datafield ind1=" " ind2=" " tag="260"><subfield code="a">Kansas City, Kan. :</subfield><subfield code="b">E.W. Wells,</subfield><subfield code="c">1920-</subfield></datafield><datafield ind1=" " ind2=" " tag="300"><subfield code="a">v. :</subfield><subfield code="b">ill. ;</subfield><subfield code="c">54 cm.</subfield></datafield><datafield ind1=" " ind2=" " tag="310"><subfield code="a">Weekly</subfield></datafield><datafield ind1="0" ind2=" " tag="362"><subfield code="a">Vol. 33, no. 29 (June 18, 1920)-</subfield></datafield><datafield ind1="1" ind2=" " tag="362"><subfield code="a">Ceased with Oct. 6, 1922 issue?</subfield></datafield><datafield ind1=" " ind2=" " tag="752"><subfield code="a">United States</subfield><subfield code="b">Kansas</subfield><subfield code="c">Wyandotte</subfield><subfield code="d">Kansas City.</subfield></datafield><datafield ind1="0" ind2="0" tag="780"><subfield code="t">Argentine republic (Kansas City, Kan. : 1918)</subfield><subfield code="w">(DLC)sn 85066763</subfield></datafield><datafield ind1="0" ind2="5" tag="780"><subfield code="t">Kansas City Kansas news (Kansas City, Kan. : 1918)</subfield><subfield code="g">July 1, 1921</subfield><subfield code="w">(DLC)sn 85032325</subfield></datafield><datafield ind1="0" ind2="0" tag="785"><subfield code="t">Argentine republic (Kansas City, Kan. : 1923)</subfield><subfield code="w">(DLC)sn 85066712</subfield></datafield><datafield ind1="1" ind2=" " tag="029"><subfield code="a">AU@</subfield><subfield code="b">000022170383</subfield></datafield></record>